%YAML 1.1
%TAG !u! tag:unity3d.com,2011:
--- !u!29 &1
OcclusionCullingSettings:
  m_ObjectHideFlags: 0
  serializedVersion: 2
  m_OcclusionBakeSettings:
    smallestOccluder: 5
    smallestHole: 0.25
    backfaceThreshold: 100
  m_SceneGUID: 00000000000000000000000000000000
  m_OcclusionCullingData: {fileID: 0}
--- !u!104 &2
RenderSettings:
  m_ObjectHideFlags: 0
  serializedVersion: 9
  m_Fog: 0
  m_FogColor: {r: 0.5, g: 0.5, b: 0.5, a: 1}
  m_FogMode: 3
  m_FogDensity: 0.01
  m_LinearFogStart: 0
  m_LinearFogEnd: 300
  m_AmbientSkyColor: {r: 0.212, g: 0.227, b: 0.259, a: 1}
  m_AmbientEquatorColor: {r: 0.114, g: 0.125, b: 0.133, a: 1}
  m_AmbientGroundColor: {r: 0.047, g: 0.043, b: 0.035, a: 1}
  m_AmbientIntensity: 1
  m_AmbientMode: 0
  m_SubtractiveShadowColor: {r: 0.42, g: 0.478, b: 0.627, a: 1}
  m_SkyboxMaterial: {fileID: 2100000, guid: d04fa9ef91692c6429efccdf42970c46, type: 2}
  m_HaloStrength: 0.5
  m_FlareStrength: 1
  m_FlareFadeSpeed: 3
  m_HaloTexture: {fileID: 0}
  m_SpotCookie: {fileID: 10001, guid: 0000000000000000e000000000000000, type: 0}
  m_DefaultReflectionMode: 0
  m_DefaultReflectionResolution: 128
  m_ReflectionBounces: 1
  m_ReflectionIntensity: 1
  m_CustomReflection: {fileID: 0}
  m_Sun: {fileID: 0}
  m_IndirectSpecularColor: {r: 0.3576599, g: 0.6977253, b: 0.7251294, a: 1}
  m_UseRadianceAmbientProbe: 0
--- !u!157 &3
LightmapSettings:
  m_ObjectHideFlags: 0
  serializedVersion: 12
  m_GIWorkflowMode: 1
  m_GISettings:
    serializedVersion: 2
    m_BounceScale: 1
    m_IndirectOutputScale: 1
    m_AlbedoBoost: 1
    m_EnvironmentLightingMode: 0
    m_EnableBakedLightmaps: 1
    m_EnableRealtimeLightmaps: 0
  m_LightmapEditorSettings:
    serializedVersion: 12
    m_Resolution: 2
    m_BakeResolution: 40
    m_AtlasSize: 1024
    m_AO: 0
    m_AOMaxDistance: 1
    m_CompAOExponent: 1
    m_CompAOExponentDirect: 0
    m_ExtractAmbientOcclusion: 0
    m_Padding: 2
    m_LightmapParameters: {fileID: 0}
    m_LightmapsBakeMode: 1
    m_TextureCompression: 1
    m_FinalGather: 0
    m_FinalGatherFiltering: 1
    m_FinalGatherRayCount: 256
    m_ReflectionCompression: 2
    m_MixedBakeMode: 2
    m_BakeBackend: 1
    m_PVRSampling: 1
    m_PVRDirectSampleCount: 32
    m_PVRSampleCount: 512
    m_PVRBounces: 2
    m_PVREnvironmentSampleCount: 256
    m_PVREnvironmentReferencePointCount: 2048
    m_PVRFilteringMode: 1
    m_PVRDenoiserTypeDirect: 1
    m_PVRDenoiserTypeIndirect: 1
    m_PVRDenoiserTypeAO: 1
    m_PVRFilterTypeDirect: 0
    m_PVRFilterTypeIndirect: 0
    m_PVRFilterTypeAO: 0
    m_PVREnvironmentMIS: 1
    m_PVRCulling: 1
    m_PVRFilteringGaussRadiusDirect: 1
    m_PVRFilteringGaussRadiusIndirect: 5
    m_PVRFilteringGaussRadiusAO: 2
    m_PVRFilteringAtrousPositionSigmaDirect: 0.5
    m_PVRFilteringAtrousPositionSigmaIndirect: 2
    m_PVRFilteringAtrousPositionSigmaAO: 1
    m_ExportTrainingData: 0
    m_TrainingDataDestination: TrainingData
    m_LightProbeSampleCountMultiplier: 4
  m_LightingDataAsset: {fileID: 0}
  m_LightingSettings: {fileID: 0}
--- !u!196 &4
NavMeshSettings:
  serializedVersion: 2
  m_ObjectHideFlags: 0
  m_BuildSettings:
    serializedVersion: 2
    agentTypeID: 0
    agentRadius: 0.5
    agentHeight: 2
    agentSlope: 45
    agentClimb: 0.4
    ledgeDropHeight: 0
    maxJumpAcrossDistance: 0
    minRegionArea: 2
    manualCellSize: 0
    cellSize: 0.16666667
    manualTileSize: 0
    tileSize: 256
    accuratePlacement: 0
    maxJobWorkers: 0
    preserveTilesOutsideBounds: 0
    debug:
      m_Flags: 0
  m_NavMeshData: {fileID: 0}
--- !u!1001 &17137270
PrefabInstance:
  m_ObjectHideFlags: 0
  serializedVersion: 2
  m_Modification:
    m_TransformParent: {fileID: 0}
    m_Modifications:
    - target: {fileID: 963289763379920835, guid: 4fe00da23d20c60479ea5924c36c00c3, type: 3}
      propertyPath: m_RootOrder
      value: 0
      objectReference: {fileID: 0}
    - target: {fileID: 963289763379920835, guid: 4fe00da23d20c60479ea5924c36c00c3, type: 3}
      propertyPath: m_LocalPosition.x
      value: 239.54
      objectReference: {fileID: 0}
    - target: {fileID: 963289763379920835, guid: 4fe00da23d20c60479ea5924c36c00c3, type: 3}
      propertyPath: m_LocalPosition.y
      value: 1.93
      objectReference: {fileID: 0}
    - target: {fileID: 963289763379920835, guid: 4fe00da23d20c60479ea5924c36c00c3, type: 3}
      propertyPath: m_LocalPosition.z
      value: 142
      objectReference: {fileID: 0}
    - target: {fileID: 963289763379920835, guid: 4fe00da23d20c60479ea5924c36c00c3, type: 3}
      propertyPath: m_LocalRotation.w
      value: 1
      objectReference: {fileID: 0}
    - target: {fileID: 963289763379920835, guid: 4fe00da23d20c60479ea5924c36c00c3, type: 3}
      propertyPath: m_LocalRotation.x
      value: 0
      objectReference: {fileID: 0}
    - target: {fileID: 963289763379920835, guid: 4fe00da23d20c60479ea5924c36c00c3, type: 3}
      propertyPath: m_LocalRotation.y
      value: 0
      objectReference: {fileID: 0}
    - target: {fileID: 963289763379920835, guid: 4fe00da23d20c60479ea5924c36c00c3, type: 3}
      propertyPath: m_LocalRotation.z
      value: 0
      objectReference: {fileID: 0}
    - target: {fileID: 963289763379920835, guid: 4fe00da23d20c60479ea5924c36c00c3, type: 3}
      propertyPath: m_LocalEulerAnglesHint.x
      value: 0
      objectReference: {fileID: 0}
    - target: {fileID: 963289763379920835, guid: 4fe00da23d20c60479ea5924c36c00c3, type: 3}
      propertyPath: m_LocalEulerAnglesHint.y
      value: 0
      objectReference: {fileID: 0}
    - target: {fileID: 963289763379920835, guid: 4fe00da23d20c60479ea5924c36c00c3, type: 3}
      propertyPath: m_LocalEulerAnglesHint.z
      value: 0
      objectReference: {fileID: 0}
    - target: {fileID: 3729203381344148583, guid: 4fe00da23d20c60479ea5924c36c00c3, type: 3}
      propertyPath: m_Name
      value: 'FPSController '
      objectReference: {fileID: 0}
    - target: {fileID: 7232272448081422582, guid: 4fe00da23d20c60479ea5924c36c00c3, type: 3}
      propertyPath: m_LocalPosition.x
      value: 0.04
      objectReference: {fileID: 0}
    - target: {fileID: 7232272448081422582, guid: 4fe00da23d20c60479ea5924c36c00c3, type: 3}
      propertyPath: m_LocalPosition.z
      value: 0.48
      objectReference: {fileID: 0}
    m_RemovedComponents: []
  m_SourcePrefab: {fileID: 100100000, guid: 4fe00da23d20c60479ea5924c36c00c3, type: 3}
--- !u!1001 &31208140
PrefabInstance:
  m_ObjectHideFlags: 0
  serializedVersion: 2
  m_Modification:
    m_TransformParent: {fileID: 69687093}
    m_Modifications:
    - target: {fileID: 1562119382739742, guid: c07f24e35f07ce74ba43afa35d48adf7, type: 3}
      propertyPath: m_Name
      value: Rock1 (1)
      objectReference: {fileID: 0}
    - target: {fileID: 4243724423293762, guid: c07f24e35f07ce74ba43afa35d48adf7, type: 3}
      propertyPath: m_RootOrder
      value: 1
      objectReference: {fileID: 0}
    - target: {fileID: 4243724423293762, guid: c07f24e35f07ce74ba43afa35d48adf7, type: 3}
      propertyPath: m_LocalPosition.x
      value: 234.73
      objectReference: {fileID: 0}
    - target: {fileID: 4243724423293762, guid: c07f24e35f07ce74ba43afa35d48adf7, type: 3}
      propertyPath: m_LocalPosition.y
      value: 1.4099998
      objectReference: {fileID: 0}
    - target: {fileID: 4243724423293762, guid: c07f24e35f07ce74ba43afa35d48adf7, type: 3}
      propertyPath: m_LocalPosition.z
      value: 200.3
      objectReference: {fileID: 0}
    - target: {fileID: 4243724423293762, guid: c07f24e35f07ce74ba43afa35d48adf7, type: 3}
      propertyPath: m_LocalRotation.w
      value: 0.7818524
      objectReference: {fileID: 0}
    - target: {fileID: 4243724423293762, guid: c07f24e35f07ce74ba43afa35d48adf7, type: 3}
      propertyPath: m_LocalRotation.x
      value: -0
      objectReference: {fileID: 0}
    - target: {fileID: 4243724423293762, guid: c07f24e35f07ce74ba43afa35d48adf7, type: 3}
      propertyPath: m_LocalRotation.y
      value: 0.6234636
      objectReference: {fileID: 0}
    - target: {fileID: 4243724423293762, guid: c07f24e35f07ce74ba43afa35d48adf7, type: 3}
      propertyPath: m_LocalRotation.z
      value: -0
      objectReference: {fileID: 0}
    - target: {fileID: 4243724423293762, guid: c07f24e35f07ce74ba43afa35d48adf7, type: 3}
      propertyPath: m_LocalEulerAnglesHint.y
      value: 77.139
      objectReference: {fileID: 0}
    m_RemovedComponents: []
  m_SourcePrefab: {fileID: 100100000, guid: c07f24e35f07ce74ba43afa35d48adf7, type: 3}
--- !u!4 &31208141 stripped
Transform:
  m_CorrespondingSourceObject: {fileID: 4243724423293762, guid: c07f24e35f07ce74ba43afa35d48adf7, type: 3}
  m_PrefabInstance: {fileID: 31208140}
  m_PrefabAsset: {fileID: 0}
--- !u!1 &69687092
GameObject:
  m_ObjectHideFlags: 0
  m_CorrespondingSourceObject: {fileID: 0}
  m_PrefabInstance: {fileID: 0}
  m_PrefabAsset: {fileID: 0}
  serializedVersion: 6
  m_Component:
  - component: {fileID: 69687093}
  m_Layer: 0
  m_Name: Rocks
  m_TagString: Untagged
  m_Icon: {fileID: 0}
  m_NavMeshLayer: 0
  m_StaticEditorFlags: 0
  m_IsActive: 1
--- !u!4 &69687093
Transform:
  m_ObjectHideFlags: 0
  m_CorrespondingSourceObject: {fileID: 0}
  m_PrefabInstance: {fileID: 0}
  m_PrefabAsset: {fileID: 0}
  m_GameObject: {fileID: 69687092}
  m_LocalRotation: {x: -0, y: -0, z: -0, w: 1}
  m_LocalPosition: {x: 0, y: 0, z: 0}
  m_LocalScale: {x: 1, y: 1, z: 1}
  m_ConstrainProportionsScale: 0
  m_Children:
  - {fileID: 974312819}
  - {fileID: 31208141}
  - {fileID: 924501405}
  - {fileID: 1184356623}
  - {fileID: 379959816}
  - {fileID: 2130252083}
  - {fileID: 482195513}
  - {fileID: 863790031}
  - {fileID: 1991491835}
  - {fileID: 1376125970}
  m_Father: {fileID: 915153320}
  m_RootOrder: 0
  m_LocalEulerAnglesHint: {x: 0, y: 0, z: 0}
--- !u!1 &194575699
GameObject:
  m_ObjectHideFlags: 0
  m_CorrespondingSourceObject: {fileID: 0}
  m_PrefabInstance: {fileID: 0}
  m_PrefabAsset: {fileID: 0}
  serializedVersion: 6
  m_Component:
  - component: {fileID: 194575700}
  - component: {fileID: 194575703}
  - component: {fileID: 194575702}
  - component: {fileID: 194575701}
  m_Layer: 0
  m_Name: Cube (1)
  m_TagString: Untagged
  m_Icon: {fileID: 0}
  m_NavMeshLayer: 0
  m_StaticEditorFlags: 4294967295
  m_IsActive: 1
--- !u!4 &194575700
Transform:
  m_ObjectHideFlags: 0
  m_CorrespondingSourceObject: {fileID: 0}
  m_PrefabInstance: {fileID: 0}
  m_PrefabAsset: {fileID: 0}
  m_GameObject: {fileID: 194575699}
  m_LocalRotation: {x: 0, y: 0.7071068, z: 0, w: 0.7071068}
  m_LocalPosition: {x: 257.4, y: 21.5, z: 438.7}
  m_LocalScale: {x: 1, y: 100, z: 500}
  m_ConstrainProportionsScale: 0
  m_Children: []
  m_Father: {fileID: 955537761}
  m_RootOrder: 1
  m_LocalEulerAnglesHint: {x: 0, y: 90, z: 0}
--- !u!23 &194575701
MeshRenderer:
  m_ObjectHideFlags: 0
  m_CorrespondingSourceObject: {fileID: 0}
  m_PrefabInstance: {fileID: 0}
  m_PrefabAsset: {fileID: 0}
  m_GameObject: {fileID: 194575699}
  m_Enabled: 0
  m_CastShadows: 1
  m_ReceiveShadows: 1
  m_DynamicOccludee: 1
  m_StaticShadowCaster: 0
  m_MotionVectors: 1
  m_LightProbeUsage: 1
  m_ReflectionProbeUsage: 1
  m_RayTracingMode: 2
  m_RayTraceProcedural: 0
  m_RenderingLayerMask: 1
  m_RendererPriority: 0
  m_Materials:
  - {fileID: 10303, guid: 0000000000000000f000000000000000, type: 0}
  m_StaticBatchInfo:
    firstSubMesh: 0
    subMeshCount: 0
  m_StaticBatchRoot: {fileID: 0}
  m_ProbeAnchor: {fileID: 0}
  m_LightProbeVolumeOverride: {fileID: 0}
  m_ScaleInLightmap: 1
  m_ReceiveGI: 1
  m_PreserveUVs: 1
  m_IgnoreNormalsForChartDetection: 0
  m_ImportantGI: 0
  m_StitchLightmapSeams: 1
  m_SelectedEditorRenderState: 3
  m_MinimumChartSize: 4
  m_AutoUVMaxDistance: 0.5
  m_AutoUVMaxAngle: 89
  m_LightmapParameters: {fileID: 0}
  m_SortingLayerID: 0
  m_SortingLayer: 0
  m_SortingOrder: 0
  m_AdditionalVertexStreams: {fileID: 0}
--- !u!65 &194575702
BoxCollider:
  m_ObjectHideFlags: 0
  m_CorrespondingSourceObject: {fileID: 0}
  m_PrefabInstance: {fileID: 0}
  m_PrefabAsset: {fileID: 0}
  m_GameObject: {fileID: 194575699}
  m_Material: {fileID: 0}
  m_IsTrigger: 0
  m_Enabled: 1
  serializedVersion: 2
  m_Size: {x: 1, y: 1, z: 1}
  m_Center: {x: 0, y: 0, z: 0}
--- !u!33 &194575703
MeshFilter:
  m_ObjectHideFlags: 0
  m_CorrespondingSourceObject: {fileID: 0}
  m_PrefabInstance: {fileID: 0}
  m_PrefabAsset: {fileID: 0}
  m_GameObject: {fileID: 194575699}
  m_Mesh: {fileID: 10202, guid: 0000000000000000e000000000000000, type: 0}
--- !u!1001 &379959815
PrefabInstance:
  m_ObjectHideFlags: 0
  serializedVersion: 2
  m_Modification:
    m_TransformParent: {fileID: 69687093}
    m_Modifications:
    - target: {fileID: 1562119382739742, guid: c07f24e35f07ce74ba43afa35d48adf7, type: 3}
      propertyPath: m_Name
      value: Rock1 (4)
      objectReference: {fileID: 0}
    - target: {fileID: 4243724423293762, guid: c07f24e35f07ce74ba43afa35d48adf7, type: 3}
      propertyPath: m_RootOrder
      value: 4
      objectReference: {fileID: 0}
    - target: {fileID: 4243724423293762, guid: c07f24e35f07ce74ba43afa35d48adf7, type: 3}
      propertyPath: m_LocalPosition.x
      value: 227.62
      objectReference: {fileID: 0}
    - target: {fileID: 4243724423293762, guid: c07f24e35f07ce74ba43afa35d48adf7, type: 3}
      propertyPath: m_LocalPosition.y
      value: 0.8699999
      objectReference: {fileID: 0}
    - target: {fileID: 4243724423293762, guid: c07f24e35f07ce74ba43afa35d48adf7, type: 3}
      propertyPath: m_LocalPosition.z
      value: 274.6
      objectReference: {fileID: 0}
    - target: {fileID: 4243724423293762, guid: c07f24e35f07ce74ba43afa35d48adf7, type: 3}
      propertyPath: m_LocalRotation.w
      value: -0.93496615
      objectReference: {fileID: 0}
    - target: {fileID: 4243724423293762, guid: c07f24e35f07ce74ba43afa35d48adf7, type: 3}
      propertyPath: m_LocalRotation.x
      value: -0
      objectReference: {fileID: 0}
    - target: {fileID: 4243724423293762, guid: c07f24e35f07ce74ba43afa35d48adf7, type: 3}
      propertyPath: m_LocalRotation.y
      value: 0.35473704
      objectReference: {fileID: 0}
    - target: {fileID: 4243724423293762, guid: c07f24e35f07ce74ba43afa35d48adf7, type: 3}
      propertyPath: m_LocalRotation.z
      value: -0
      objectReference: {fileID: 0}
    - target: {fileID: 4243724423293762, guid: c07f24e35f07ce74ba43afa35d48adf7, type: 3}
      propertyPath: m_LocalEulerAnglesHint.y
      value: 318.445
      objectReference: {fileID: 0}
    m_RemovedComponents: []
  m_SourcePrefab: {fileID: 100100000, guid: c07f24e35f07ce74ba43afa35d48adf7, type: 3}
--- !u!4 &379959816 stripped
Transform:
  m_CorrespondingSourceObject: {fileID: 4243724423293762, guid: c07f24e35f07ce74ba43afa35d48adf7, type: 3}
  m_PrefabInstance: {fileID: 379959815}
  m_PrefabAsset: {fileID: 0}
--- !u!1001 &482195512
PrefabInstance:
  m_ObjectHideFlags: 0
  serializedVersion: 2
  m_Modification:
    m_TransformParent: {fileID: 69687093}
    m_Modifications:
    - target: {fileID: 1562119382739742, guid: c07f24e35f07ce74ba43afa35d48adf7, type: 3}
      propertyPath: m_Name
      value: Rock1 (6)
      objectReference: {fileID: 0}
    - target: {fileID: 4243724423293762, guid: c07f24e35f07ce74ba43afa35d48adf7, type: 3}
      propertyPath: m_RootOrder
      value: 6
      objectReference: {fileID: 0}
    - target: {fileID: 4243724423293762, guid: c07f24e35f07ce74ba43afa35d48adf7, type: 3}
      propertyPath: m_LocalScale.x
      value: 2.1
      objectReference: {fileID: 0}
    - target: {fileID: 4243724423293762, guid: c07f24e35f07ce74ba43afa35d48adf7, type: 3}
      propertyPath: m_LocalScale.y
      value: 2.1
      objectReference: {fileID: 0}
    - target: {fileID: 4243724423293762, guid: c07f24e35f07ce74ba43afa35d48adf7, type: 3}
      propertyPath: m_LocalScale.z
      value: 2.1
      objectReference: {fileID: 0}
    - target: {fileID: 4243724423293762, guid: c07f24e35f07ce74ba43afa35d48adf7, type: 3}
      propertyPath: m_LocalPosition.x
      value: 295.6
      objectReference: {fileID: 0}
    - target: {fileID: 4243724423293762, guid: c07f24e35f07ce74ba43afa35d48adf7, type: 3}
      propertyPath: m_LocalPosition.y
      value: 3.4700003
      objectReference: {fileID: 0}
    - target: {fileID: 4243724423293762, guid: c07f24e35f07ce74ba43afa35d48adf7, type: 3}
      propertyPath: m_LocalPosition.z
      value: 285.4
      objectReference: {fileID: 0}
    - target: {fileID: 4243724423293762, guid: c07f24e35f07ce74ba43afa35d48adf7, type: 3}
      propertyPath: m_LocalRotation.w
      value: 0.84895915
      objectReference: {fileID: 0}
    - target: {fileID: 4243724423293762, guid: c07f24e35f07ce74ba43afa35d48adf7, type: 3}
      propertyPath: m_LocalRotation.x
      value: -0
      objectReference: {fileID: 0}
    - target: {fileID: 4243724423293762, guid: c07f24e35f07ce74ba43afa35d48adf7, type: 3}
      propertyPath: m_LocalRotation.y
      value: 0.5284585
      objectReference: {fileID: 0}
    - target: {fileID: 4243724423293762, guid: c07f24e35f07ce74ba43afa35d48adf7, type: 3}
      propertyPath: m_LocalRotation.z
      value: -0
      objectReference: {fileID: 0}
    - target: {fileID: 4243724423293762, guid: c07f24e35f07ce74ba43afa35d48adf7, type: 3}
      propertyPath: m_LocalEulerAnglesHint.y
      value: 63.803
      objectReference: {fileID: 0}
    m_RemovedComponents: []
  m_SourcePrefab: {fileID: 100100000, guid: c07f24e35f07ce74ba43afa35d48adf7, type: 3}
--- !u!4 &482195513 stripped
Transform:
  m_CorrespondingSourceObject: {fileID: 4243724423293762, guid: c07f24e35f07ce74ba43afa35d48adf7, type: 3}
  m_PrefabInstance: {fileID: 482195512}
  m_PrefabAsset: {fileID: 0}
--- !u!1 &602029928
GameObject:
  m_ObjectHideFlags: 0
  m_CorrespondingSourceObject: {fileID: 0}
  m_PrefabInstance: {fileID: 0}
  m_PrefabAsset: {fileID: 0}
  serializedVersion: 6
  m_Component:
  - component: {fileID: 602029929}
  - component: {fileID: 602029930}
  m_Layer: 0
  m_Name: Directional Light
  m_TagString: Untagged
  m_Icon: {fileID: 0}
  m_NavMeshLayer: 0
  m_StaticEditorFlags: 0
  m_IsActive: 1
--- !u!4 &602029929
Transform:
  m_ObjectHideFlags: 0
  m_CorrespondingSourceObject: {fileID: 0}
  m_PrefabInstance: {fileID: 0}
  m_PrefabAsset: {fileID: 0}
  m_GameObject: {fileID: 602029928}
  m_LocalRotation: {x: 0.40821788, y: -0.23456968, z: 0.10938163, w: 0.8754261}
  m_LocalPosition: {x: -152.50748, y: -29.615028, z: -187.33809}
  m_LocalScale: {x: 1, y: 1, z: 1}
  m_ConstrainProportionsScale: 0
  m_Children: []
  m_Father: {fileID: 1110779032}
  m_RootOrder: 2
  m_LocalEulerAnglesHint: {x: 50, y: -30, z: 0}
--- !u!108 &602029930
Light:
  m_ObjectHideFlags: 0
  m_CorrespondingSourceObject: {fileID: 0}
  m_PrefabInstance: {fileID: 0}
  m_PrefabAsset: {fileID: 0}
  m_GameObject: {fileID: 602029928}
  m_Enabled: 1
  serializedVersion: 10
  m_Type: 1
  m_Shape: 0
  m_Color: {r: 1, g: 0.953, b: 0.803, a: 1}
  m_Intensity: 1.1
  m_Range: 10
  m_SpotAngle: 30
  m_InnerSpotAngle: 21.80208
  m_CookieSize: 5
  m_Shadows:
    m_Type: 2
    m_Resolution: 1
    m_CustomResolution: -1
    m_Strength: 1
    m_Bias: 0.05
    m_NormalBias: 0.32
    m_NearPlane: 0.2
    m_CullingMatrixOverride:
      e00: 1
      e01: 0
      e02: 0
      e03: 0
      e10: 0
      e11: 1
      e12: 0
      e13: 0
      e20: 0
      e21: 0
      e22: 1
      e23: 0
      e30: 0
      e31: 0
      e32: 0
      e33: 1
    m_UseCullingMatrixOverride: 0
  m_Cookie: {fileID: 0}
  m_DrawHalo: 0
  m_Flare: {fileID: 0}
  m_RenderMode: 0
  m_CullingMask:
    serializedVersion: 2
    m_Bits: 4294967295
  m_RenderingLayerMask: 1
  m_Lightmapping: 4
  m_LightShadowCasterMode: 0
  m_AreaSize: {x: 1, y: 1}
  m_BounceIntensity: 1
  m_ColorTemperature: 6570
  m_UseColorTemperature: 0
  m_BoundingSphereOverride: {x: 0, y: 0, z: 0, w: 0}
  m_UseBoundingSphereOverride: 0
  m_UseViewFrustumForShadowCasterCull: 1
  m_ShadowRadius: 0
  m_ShadowAngle: 0
--- !u!1 &755556987
GameObject:
  m_ObjectHideFlags: 0
  m_CorrespondingSourceObject: {fileID: 0}
  m_PrefabInstance: {fileID: 0}
  m_PrefabAsset: {fileID: 0}
  serializedVersion: 6
  m_Component:
  - component: {fileID: 755556989}
  - component: {fileID: 755556988}
  m_Layer: 0
  m_Name: Directional Light
  m_TagString: Untagged
  m_Icon: {fileID: 0}
  m_NavMeshLayer: 0
  m_StaticEditorFlags: 0
  m_IsActive: 1
--- !u!108 &755556988
Light:
  m_ObjectHideFlags: 0
  m_CorrespondingSourceObject: {fileID: 0}
  m_PrefabInstance: {fileID: 0}
  m_PrefabAsset: {fileID: 0}
  m_GameObject: {fileID: 755556987}
  m_Enabled: 1
  serializedVersion: 10
  m_Type: 1
  m_Shape: 0
  m_Color: {r: 1, g: 0.95686275, b: 0.8392157, a: 1}
  m_Intensity: 1
  m_Range: 10
  m_SpotAngle: 30
  m_InnerSpotAngle: 21.80208
  m_CookieSize: 10
  m_Shadows:
    m_Type: 2
    m_Resolution: -1
    m_CustomResolution: -1
    m_Strength: 1
    m_Bias: 0.05
    m_NormalBias: 0.4
    m_NearPlane: 0.2
    m_CullingMatrixOverride:
      e00: 1
      e01: 0
      e02: 0
      e03: 0
      e10: 0
      e11: 1
      e12: 0
      e13: 0
      e20: 0
      e21: 0
      e22: 1
      e23: 0
      e30: 0
      e31: 0
      e32: 0
      e33: 1
    m_UseCullingMatrixOverride: 0
  m_Cookie: {fileID: 0}
  m_DrawHalo: 0
  m_Flare: {fileID: 0}
  m_RenderMode: 0
  m_CullingMask:
    serializedVersion: 2
    m_Bits: 4294967295
  m_RenderingLayerMask: 1
  m_Lightmapping: 4
  m_LightShadowCasterMode: 0
  m_AreaSize: {x: 1, y: 1}
  m_BounceIntensity: 1
  m_ColorTemperature: 6570
  m_UseColorTemperature: 0
  m_BoundingSphereOverride: {x: 0, y: 0, z: 0, w: 0}
  m_UseBoundingSphereOverride: 0
  m_UseViewFrustumForShadowCasterCull: 1
  m_ShadowRadius: 0
  m_ShadowAngle: 0
--- !u!4 &755556989
Transform:
  m_ObjectHideFlags: 0
  m_CorrespondingSourceObject: {fileID: 0}
  m_PrefabInstance: {fileID: 0}
  m_PrefabAsset: {fileID: 0}
  m_GameObject: {fileID: 755556987}
  m_LocalRotation: {x: 0.40821788, y: -0.23456968, z: 0.10938163, w: 0.8754261}
  m_LocalPosition: {x: 0, y: 3, z: 0}
  m_LocalScale: {x: 1, y: 1, z: 1}
  m_ConstrainProportionsScale: 0
  m_Children: []
  m_Father: {fileID: 0}
  m_RootOrder: 1
  m_LocalEulerAnglesHint: {x: 50, y: -30, z: 0}
--- !u!1001 &863790030
PrefabInstance:
  m_ObjectHideFlags: 0
  serializedVersion: 2
  m_Modification:
    m_TransformParent: {fileID: 69687093}
    m_Modifications:
    - target: {fileID: 1562119382739742, guid: c07f24e35f07ce74ba43afa35d48adf7, type: 3}
      propertyPath: m_Name
      value: Rock1 (7)
      objectReference: {fileID: 0}
    - target: {fileID: 4243724423293762, guid: c07f24e35f07ce74ba43afa35d48adf7, type: 3}
      propertyPath: m_RootOrder
      value: 7
      objectReference: {fileID: 0}
    - target: {fileID: 4243724423293762, guid: c07f24e35f07ce74ba43afa35d48adf7, type: 3}
      propertyPath: m_LocalScale.x
      value: 2.100002
      objectReference: {fileID: 0}
    - target: {fileID: 4243724423293762, guid: c07f24e35f07ce74ba43afa35d48adf7, type: 3}
      propertyPath: m_LocalScale.y
      value: 2.1
      objectReference: {fileID: 0}
    - target: {fileID: 4243724423293762, guid: c07f24e35f07ce74ba43afa35d48adf7, type: 3}
      propertyPath: m_LocalScale.z
      value: 2.100002
      objectReference: {fileID: 0}
    - target: {fileID: 4243724423293762, guid: c07f24e35f07ce74ba43afa35d48adf7, type: 3}
      propertyPath: m_LocalPosition.x
      value: 255.4
      objectReference: {fileID: 0}
    - target: {fileID: 4243724423293762, guid: c07f24e35f07ce74ba43afa35d48adf7, type: 3}
      propertyPath: m_LocalPosition.y
      value: 1.0900002
      objectReference: {fileID: 0}
    - target: {fileID: 4243724423293762, guid: c07f24e35f07ce74ba43afa35d48adf7, type: 3}
      propertyPath: m_LocalPosition.z
      value: 140
      objectReference: {fileID: 0}
    - target: {fileID: 4243724423293762, guid: c07f24e35f07ce74ba43afa35d48adf7, type: 3}
      propertyPath: m_LocalRotation.w
      value: 0.15696682
      objectReference: {fileID: 0}
    - target: {fileID: 4243724423293762, guid: c07f24e35f07ce74ba43afa35d48adf7, type: 3}
      propertyPath: m_LocalRotation.x
      value: -0
      objectReference: {fileID: 0}
    - target: {fileID: 4243724423293762, guid: c07f24e35f07ce74ba43afa35d48adf7, type: 3}
      propertyPath: m_LocalRotation.y
      value: 0.9876039
      objectReference: {fileID: 0}
    - target: {fileID: 4243724423293762, guid: c07f24e35f07ce74ba43afa35d48adf7, type: 3}
      propertyPath: m_LocalRotation.z
      value: -0
      objectReference: {fileID: 0}
    - target: {fileID: 4243724423293762, guid: c07f24e35f07ce74ba43afa35d48adf7, type: 3}
      propertyPath: m_LocalEulerAnglesHint.y
      value: 161.938
      objectReference: {fileID: 0}
    m_RemovedComponents: []
  m_SourcePrefab: {fileID: 100100000, guid: c07f24e35f07ce74ba43afa35d48adf7, type: 3}
--- !u!4 &863790031 stripped
Transform:
  m_CorrespondingSourceObject: {fileID: 4243724423293762, guid: c07f24e35f07ce74ba43afa35d48adf7, type: 3}
  m_PrefabInstance: {fileID: 863790030}
  m_PrefabAsset: {fileID: 0}
--- !u!1 &878317727
GameObject:
  m_ObjectHideFlags: 0
  m_CorrespondingSourceObject: {fileID: 0}
  m_PrefabInstance: {fileID: 0}
  m_PrefabAsset: {fileID: 0}
  serializedVersion: 6
  m_Component:
  - component: {fileID: 878317728}
  - component: {fileID: 878317731}
  - component: {fileID: 878317730}
  - component: {fileID: 878317729}
  m_Layer: 0
  m_Name: Cube (3)
  m_TagString: Untagged
  m_Icon: {fileID: 0}
  m_NavMeshLayer: 0
  m_StaticEditorFlags: 4294967295
  m_IsActive: 1
--- !u!4 &878317728
Transform:
  m_ObjectHideFlags: 0
  m_CorrespondingSourceObject: {fileID: 0}
  m_PrefabInstance: {fileID: 0}
  m_PrefabAsset: {fileID: 0}
  m_GameObject: {fileID: 878317727}
  m_LocalRotation: {x: -0, y: -0, z: -0, w: 1}
  m_LocalPosition: {x: 448.3, y: 21.5, z: 250}
  m_LocalScale: {x: 1, y: 100, z: 500}
  m_ConstrainProportionsScale: 0
  m_Children: []
  m_Father: {fileID: 955537761}
  m_RootOrder: 3
  m_LocalEulerAnglesHint: {x: 0, y: 0, z: 0}
--- !u!23 &878317729
MeshRenderer:
  m_ObjectHideFlags: 0
  m_CorrespondingSourceObject: {fileID: 0}
  m_PrefabInstance: {fileID: 0}
  m_PrefabAsset: {fileID: 0}
  m_GameObject: {fileID: 878317727}
  m_Enabled: 0
  m_CastShadows: 1
  m_ReceiveShadows: 1
  m_DynamicOccludee: 1
  m_StaticShadowCaster: 0
  m_MotionVectors: 1
  m_LightProbeUsage: 1
  m_ReflectionProbeUsage: 1
  m_RayTracingMode: 2
  m_RayTraceProcedural: 0
  m_RenderingLayerMask: 1
  m_RendererPriority: 0
  m_Materials:
  - {fileID: 10303, guid: 0000000000000000f000000000000000, type: 0}
  m_StaticBatchInfo:
    firstSubMesh: 0
    subMeshCount: 0
  m_StaticBatchRoot: {fileID: 0}
  m_ProbeAnchor: {fileID: 0}
  m_LightProbeVolumeOverride: {fileID: 0}
  m_ScaleInLightmap: 1
  m_ReceiveGI: 1
  m_PreserveUVs: 1
  m_IgnoreNormalsForChartDetection: 0
  m_ImportantGI: 0
  m_StitchLightmapSeams: 1
  m_SelectedEditorRenderState: 3
  m_MinimumChartSize: 4
  m_AutoUVMaxDistance: 0.5
  m_AutoUVMaxAngle: 89
  m_LightmapParameters: {fileID: 0}
  m_SortingLayerID: 0
  m_SortingLayer: 0
  m_SortingOrder: 0
  m_AdditionalVertexStreams: {fileID: 0}
--- !u!65 &878317730
BoxCollider:
  m_ObjectHideFlags: 0
  m_CorrespondingSourceObject: {fileID: 0}
  m_PrefabInstance: {fileID: 0}
  m_PrefabAsset: {fileID: 0}
  m_GameObject: {fileID: 878317727}
  m_Material: {fileID: 0}
  m_IsTrigger: 0
  m_Enabled: 1
  serializedVersion: 2
  m_Size: {x: 1, y: 1, z: 1}
  m_Center: {x: 0, y: 0, z: 0}
--- !u!33 &878317731
MeshFilter:
  m_ObjectHideFlags: 0
  m_CorrespondingSourceObject: {fileID: 0}
  m_PrefabInstance: {fileID: 0}
  m_PrefabAsset: {fileID: 0}
  m_GameObject: {fileID: 878317727}
  m_Mesh: {fileID: 10202, guid: 0000000000000000e000000000000000, type: 0}
--- !u!1 &901288487
GameObject:
  m_ObjectHideFlags: 0
  m_CorrespondingSourceObject: {fileID: 0}
  m_PrefabInstance: {fileID: 0}
  m_PrefabAsset: {fileID: 0}
  serializedVersion: 6
  m_Component:
  - component: {fileID: 901288488}
  - component: {fileID: 901288491}
  - component: {fileID: 901288490}
  - component: {fileID: 901288489}
  m_Layer: 0
  m_Name: Cube (2)
  m_TagString: Untagged
  m_Icon: {fileID: 0}
  m_NavMeshLayer: 0
  m_StaticEditorFlags: 4294967295
  m_IsActive: 1
--- !u!4 &901288488
Transform:
  m_ObjectHideFlags: 0
  m_CorrespondingSourceObject: {fileID: 0}
  m_PrefabInstance: {fileID: 0}
  m_PrefabAsset: {fileID: 0}
  m_GameObject: {fileID: 901288487}
  m_LocalRotation: {x: -0, y: 0.7071068, z: -0, w: 0.7071068}
  m_LocalPosition: {x: 257.4, y: 21.5, z: 35.4}
  m_LocalScale: {x: 1.0000005, y: 100, z: 500.00037}
  m_ConstrainProportionsScale: 0
  m_Children: []
  m_Father: {fileID: 955537761}
  m_RootOrder: 2
  m_LocalEulerAnglesHint: {x: 0, y: 90, z: 0}
--- !u!23 &901288489
MeshRenderer:
  m_ObjectHideFlags: 0
  m_CorrespondingSourceObject: {fileID: 0}
  m_PrefabInstance: {fileID: 0}
  m_PrefabAsset: {fileID: 0}
  m_GameObject: {fileID: 901288487}
  m_Enabled: 0
  m_CastShadows: 1
  m_ReceiveShadows: 1
  m_DynamicOccludee: 1
  m_StaticShadowCaster: 0
  m_MotionVectors: 1
  m_LightProbeUsage: 1
  m_ReflectionProbeUsage: 1
  m_RayTracingMode: 2
  m_RayTraceProcedural: 0
  m_RenderingLayerMask: 1
  m_RendererPriority: 0
  m_Materials:
  - {fileID: 10303, guid: 0000000000000000f000000000000000, type: 0}
  m_StaticBatchInfo:
    firstSubMesh: 0
    subMeshCount: 0
  m_StaticBatchRoot: {fileID: 0}
  m_ProbeAnchor: {fileID: 0}
  m_LightProbeVolumeOverride: {fileID: 0}
  m_ScaleInLightmap: 1
  m_ReceiveGI: 1
  m_PreserveUVs: 1
  m_IgnoreNormalsForChartDetection: 0
  m_ImportantGI: 0
  m_StitchLightmapSeams: 1
  m_SelectedEditorRenderState: 3
  m_MinimumChartSize: 4
  m_AutoUVMaxDistance: 0.5
  m_AutoUVMaxAngle: 89
  m_LightmapParameters: {fileID: 0}
  m_SortingLayerID: 0
  m_SortingLayer: 0
  m_SortingOrder: 0
  m_AdditionalVertexStreams: {fileID: 0}
--- !u!65 &901288490
BoxCollider:
  m_ObjectHideFlags: 0
  m_CorrespondingSourceObject: {fileID: 0}
  m_PrefabInstance: {fileID: 0}
  m_PrefabAsset: {fileID: 0}
  m_GameObject: {fileID: 901288487}
  m_Material: {fileID: 0}
  m_IsTrigger: 0
  m_Enabled: 1
  serializedVersion: 2
  m_Size: {x: 1, y: 1, z: 1}
  m_Center: {x: 0, y: 0, z: 0}
--- !u!33 &901288491
MeshFilter:
  m_ObjectHideFlags: 0
  m_CorrespondingSourceObject: {fileID: 0}
  m_PrefabInstance: {fileID: 0}
  m_PrefabAsset: {fileID: 0}
  m_GameObject: {fileID: 901288487}
  m_Mesh: {fileID: 10202, guid: 0000000000000000e000000000000000, type: 0}
--- !u!1 &915153319
GameObject:
  m_ObjectHideFlags: 0
  m_CorrespondingSourceObject: {fileID: 0}
  m_PrefabInstance: {fileID: 0}
  m_PrefabAsset: {fileID: 0}
  serializedVersion: 6
  m_Component:
  - component: {fileID: 915153320}
  m_Layer: 0
  m_Name: Environments
  m_TagString: Untagged
  m_Icon: {fileID: 0}
  m_NavMeshLayer: 0
  m_StaticEditorFlags: 0
  m_IsActive: 1
--- !u!4 &915153320
Transform:
  m_ObjectHideFlags: 0
  m_CorrespondingSourceObject: {fileID: 0}
  m_PrefabInstance: {fileID: 0}
  m_PrefabAsset: {fileID: 0}
  m_GameObject: {fileID: 915153319}
  m_LocalRotation: {x: -0, y: -0, z: -0, w: 1}
  m_LocalPosition: {x: -152.50748, y: -32.61503, z: -187.33809}
  m_LocalScale: {x: 1, y: 1, z: 1}
  m_ConstrainProportionsScale: 0
  m_Children:
  - {fileID: 69687093}
  - {fileID: 1876809669}
  - {fileID: 1137193867}
  m_Father: {fileID: 1110779032}
  m_RootOrder: 1
  m_LocalEulerAnglesHint: {x: 0, y: 0, z: 0}
--- !u!1001 &924501404
PrefabInstance:
  m_ObjectHideFlags: 0
  serializedVersion: 2
  m_Modification:
    m_TransformParent: {fileID: 69687093}
    m_Modifications:
    - target: {fileID: 1562119382739742, guid: c07f24e35f07ce74ba43afa35d48adf7, type: 3}
      propertyPath: m_Name
      value: Rock1 (2)
      objectReference: {fileID: 0}
    - target: {fileID: 4243724423293762, guid: c07f24e35f07ce74ba43afa35d48adf7, type: 3}
      propertyPath: m_RootOrder
      value: 2
      objectReference: {fileID: 0}
    - target: {fileID: 4243724423293762, guid: c07f24e35f07ce74ba43afa35d48adf7, type: 3}
      propertyPath: m_LocalScale.x
      value: 1
      objectReference: {fileID: 0}
    - target: {fileID: 4243724423293762, guid: c07f24e35f07ce74ba43afa35d48adf7, type: 3}
      propertyPath: m_LocalScale.z
      value: 1
      objectReference: {fileID: 0}
    - target: {fileID: 4243724423293762, guid: c07f24e35f07ce74ba43afa35d48adf7, type: 3}
      propertyPath: m_LocalPosition.x
      value: 204.2
      objectReference: {fileID: 0}
    - target: {fileID: 4243724423293762, guid: c07f24e35f07ce74ba43afa35d48adf7, type: 3}
      propertyPath: m_LocalPosition.y
      value: 2.2399998
      objectReference: {fileID: 0}
    - target: {fileID: 4243724423293762, guid: c07f24e35f07ce74ba43afa35d48adf7, type: 3}
      propertyPath: m_LocalPosition.z
      value: 208.63
      objectReference: {fileID: 0}
    - target: {fileID: 4243724423293762, guid: c07f24e35f07ce74ba43afa35d48adf7, type: 3}
      propertyPath: m_LocalRotation.w
      value: -0.48186347
      objectReference: {fileID: 0}
    - target: {fileID: 4243724423293762, guid: c07f24e35f07ce74ba43afa35d48adf7, type: 3}
      propertyPath: m_LocalRotation.x
      value: -0
      objectReference: {fileID: 0}
    - target: {fileID: 4243724423293762, guid: c07f24e35f07ce74ba43afa35d48adf7, type: 3}
      propertyPath: m_LocalRotation.y
      value: 0.8762464
      objectReference: {fileID: 0}
    - target: {fileID: 4243724423293762, guid: c07f24e35f07ce74ba43afa35d48adf7, type: 3}
      propertyPath: m_LocalRotation.z
      value: -0
      objectReference: {fileID: 0}
    - target: {fileID: 4243724423293762, guid: c07f24e35f07ce74ba43afa35d48adf7, type: 3}
      propertyPath: m_LocalEulerAnglesHint.y
      value: 237.61398
      objectReference: {fileID: 0}
    m_RemovedComponents: []
  m_SourcePrefab: {fileID: 100100000, guid: c07f24e35f07ce74ba43afa35d48adf7, type: 3}
--- !u!4 &924501405 stripped
Transform:
  m_CorrespondingSourceObject: {fileID: 4243724423293762, guid: c07f24e35f07ce74ba43afa35d48adf7, type: 3}
  m_PrefabInstance: {fileID: 924501404}
  m_PrefabAsset: {fileID: 0}
--- !u!1 &955537760
GameObject:
  m_ObjectHideFlags: 0
  m_CorrespondingSourceObject: {fileID: 0}
  m_PrefabInstance: {fileID: 0}
  m_PrefabAsset: {fileID: 0}
  serializedVersion: 6
  m_Component:
  - component: {fileID: 955537761}
  m_Layer: 0
  m_Name: Collision
  m_TagString: Untagged
  m_Icon: {fileID: 0}
  m_NavMeshLayer: 0
  m_StaticEditorFlags: 0
  m_IsActive: 1
--- !u!4 &955537761
Transform:
  m_ObjectHideFlags: 0
  m_CorrespondingSourceObject: {fileID: 0}
  m_PrefabInstance: {fileID: 0}
  m_PrefabAsset: {fileID: 0}
  m_GameObject: {fileID: 955537760}
  m_LocalRotation: {x: -0, y: -0, z: -0, w: 1}
  m_LocalPosition: {x: -152.50748, y: -32.61503, z: -187.33809}
  m_LocalScale: {x: 1, y: 1, z: 1}
  m_ConstrainProportionsScale: 0
  m_Children:
  - {fileID: 1548645535}
  - {fileID: 194575700}
  - {fileID: 901288488}
  - {fileID: 878317728}
  m_Father: {fileID: 1110779032}
  m_RootOrder: 0
  m_LocalEulerAnglesHint: {x: 0, y: 0, z: 0}
--- !u!1001 &974312818
PrefabInstance:
  m_ObjectHideFlags: 0
  serializedVersion: 2
  m_Modification:
    m_TransformParent: {fileID: 69687093}
    m_Modifications:
    - target: {fileID: 4243724423293762, guid: c07f24e35f07ce74ba43afa35d48adf7, type: 3}
      propertyPath: m_RootOrder
      value: 0
      objectReference: {fileID: 0}
    - target: {fileID: 4243724423293762, guid: c07f24e35f07ce74ba43afa35d48adf7, type: 3}
      propertyPath: m_LocalScale.x
      value: 2.1
      objectReference: {fileID: 0}
    - target: {fileID: 4243724423293762, guid: c07f24e35f07ce74ba43afa35d48adf7, type: 3}
      propertyPath: m_LocalScale.y
      value: 2.1
      objectReference: {fileID: 0}
    - target: {fileID: 4243724423293762, guid: c07f24e35f07ce74ba43afa35d48adf7, type: 3}
      propertyPath: m_LocalScale.z
      value: 2.1
      objectReference: {fileID: 0}
    - target: {fileID: 4243724423293762, guid: c07f24e35f07ce74ba43afa35d48adf7, type: 3}
      propertyPath: m_LocalPosition.x
      value: 282.21
      objectReference: {fileID: 0}
    - target: {fileID: 4243724423293762, guid: c07f24e35f07ce74ba43afa35d48adf7, type: 3}
      propertyPath: m_LocalPosition.y
      value: 1.1199999
      objectReference: {fileID: 0}
    - target: {fileID: 4243724423293762, guid: c07f24e35f07ce74ba43afa35d48adf7, type: 3}
      propertyPath: m_LocalPosition.z
      value: 232.69
      objectReference: {fileID: 0}
    - target: {fileID: 4243724423293762, guid: c07f24e35f07ce74ba43afa35d48adf7, type: 3}
      propertyPath: m_LocalRotation.w
      value: 0.84895915
      objectReference: {fileID: 0}
    - target: {fileID: 4243724423293762, guid: c07f24e35f07ce74ba43afa35d48adf7, type: 3}
      propertyPath: m_LocalRotation.x
      value: -0
      objectReference: {fileID: 0}
    - target: {fileID: 4243724423293762, guid: c07f24e35f07ce74ba43afa35d48adf7, type: 3}
      propertyPath: m_LocalRotation.y
      value: 0.5284585
      objectReference: {fileID: 0}
    - target: {fileID: 4243724423293762, guid: c07f24e35f07ce74ba43afa35d48adf7, type: 3}
      propertyPath: m_LocalRotation.z
      value: -0
      objectReference: {fileID: 0}
    - target: {fileID: 4243724423293762, guid: c07f24e35f07ce74ba43afa35d48adf7, type: 3}
      propertyPath: m_LocalEulerAnglesHint.y
      value: 63.803
      objectReference: {fileID: 0}
    m_RemovedComponents: []
  m_SourcePrefab: {fileID: 100100000, guid: c07f24e35f07ce74ba43afa35d48adf7, type: 3}
--- !u!4 &974312819 stripped
Transform:
  m_CorrespondingSourceObject: {fileID: 4243724423293762, guid: c07f24e35f07ce74ba43afa35d48adf7, type: 3}
  m_PrefabInstance: {fileID: 974312818}
  m_PrefabAsset: {fileID: 0}
--- !u!1 &1007942483 stripped
GameObject:
  m_CorrespondingSourceObject: {fileID: 7232272448081422539, guid: 4fe00da23d20c60479ea5924c36c00c3, type: 3}
  m_PrefabInstance: {fileID: 17137270}
  m_PrefabAsset: {fileID: 0}
--- !u!1 &1110779031
GameObject:
  m_ObjectHideFlags: 0
  m_CorrespondingSourceObject: {fileID: 0}
  m_PrefabInstance: {fileID: 0}
  m_PrefabAsset: {fileID: 0}
  serializedVersion: 6
  m_Component:
  - component: {fileID: 1110779032}
  m_Layer: 0
  m_Name: Environment
  m_TagString: Untagged
  m_Icon: {fileID: 0}
  m_NavMeshLayer: 0
  m_StaticEditorFlags: 0
  m_IsActive: 1
--- !u!4 &1110779032
Transform:
  m_ObjectHideFlags: 0
  m_CorrespondingSourceObject: {fileID: 0}
  m_PrefabInstance: {fileID: 0}
  m_PrefabAsset: {fileID: 0}
  m_GameObject: {fileID: 1110779031}
  m_LocalRotation: {x: 0, y: 0, z: 0, w: 1}
  m_LocalPosition: {x: 152.50748, y: 32.61503, z: 187.33809}
  m_LocalScale: {x: 1, y: 1, z: 1}
  m_ConstrainProportionsScale: 0
  m_Children:
  - {fileID: 955537761}
  - {fileID: 915153320}
  - {fileID: 602029929}
  m_Father: {fileID: 0}
  m_RootOrder: 2
  m_LocalEulerAnglesHint: {x: 0, y: 0, z: 0}
--- !u!1 &1137193866
GameObject:
  m_ObjectHideFlags: 0
  m_CorrespondingSourceObject: {fileID: 0}
  m_PrefabInstance: {fileID: 0}
  m_PrefabAsset: {fileID: 0}
  serializedVersion: 6
  m_Component:
  - component: {fileID: 1137193867}
  - component: {fileID: 1137193869}
  - component: {fileID: 1137193868}
  m_Layer: 0
  m_Name: Terrain
  m_TagString: Untagged
  m_Icon: {fileID: 0}
  m_NavMeshLayer: 0
  m_StaticEditorFlags: 4294967295
  m_IsActive: 1
--- !u!4 &1137193867
Transform:
  m_ObjectHideFlags: 0
  m_CorrespondingSourceObject: {fileID: 0}
  m_PrefabInstance: {fileID: 0}
  m_PrefabAsset: {fileID: 0}
  m_GameObject: {fileID: 1137193866}
  m_LocalRotation: {x: -0, y: -0, z: -0, w: 1}
  m_LocalPosition: {x: 0, y: 0, z: 0}
  m_LocalScale: {x: 1, y: 1, z: 1}
  m_ConstrainProportionsScale: 0
  m_Children: []
  m_Father: {fileID: 915153320}
  m_RootOrder: 2
  m_LocalEulerAnglesHint: {x: 0, y: 0, z: 0}
--- !u!154 &1137193868
TerrainCollider:
  m_ObjectHideFlags: 0
  m_CorrespondingSourceObject: {fileID: 0}
  m_PrefabInstance: {fileID: 0}
  m_PrefabAsset: {fileID: 0}
  m_GameObject: {fileID: 1137193866}
  m_Material: {fileID: 0}
  m_Enabled: 1
  m_TerrainData: {fileID: 15600000, guid: 8ee04e1f17f7f5549acabd4c8d8a68c4, type: 2}
  m_EnableTreeColliders: 1
--- !u!218 &1137193869
Terrain:
  m_ObjectHideFlags: 0
  m_CorrespondingSourceObject: {fileID: 0}
  m_PrefabInstance: {fileID: 0}
  m_PrefabAsset: {fileID: 0}
  m_GameObject: {fileID: 1137193866}
  m_Enabled: 1
  serializedVersion: 6
  m_TerrainData: {fileID: 15600000, guid: 8ee04e1f17f7f5549acabd4c8d8a68c4, type: 2}
  m_TreeDistance: 2000
  m_TreeBillboardDistance: 80
  m_TreeCrossFadeLength: 5
  m_TreeMaximumFullLODCount: 15
  m_DetailObjectDistance: 60
  m_DetailObjectDensity: 1
  m_HeightmapPixelError: 10
  m_SplatMapDistance: 1000
  m_HeightmapMaximumLOD: 0
  m_ShadowCastingMode: 2
  m_DrawHeightmap: 1
  m_DrawInstanced: 0
  m_DrawTreesAndFoliage: 1
  m_StaticShadowCaster: 0
  m_ReflectionProbeUsage: 1
  m_MaterialTemplate: {fileID: 10650, guid: 0000000000000000f000000000000000, type: 0}
  m_BakeLightProbesForTrees: 1
  m_PreserveTreePrototypeLayers: 0
  m_DeringLightProbesForTrees: 1
  m_ScaleInLightmap: 0.0512
  m_LightmapParameters: {fileID: 15203, guid: 0000000000000000f000000000000000, type: 0}
  m_GroupingID: 0
  m_RenderingLayerMask: 1
  m_AllowAutoConnect: 0
--- !u!1001 &1184356622
PrefabInstance:
  m_ObjectHideFlags: 0
  serializedVersion: 2
  m_Modification:
    m_TransformParent: {fileID: 69687093}
    m_Modifications:
    - target: {fileID: 1562119382739742, guid: c07f24e35f07ce74ba43afa35d48adf7, type: 3}
      propertyPath: m_Name
      value: Rock1 (3)
      objectReference: {fileID: 0}
    - target: {fileID: 4243724423293762, guid: c07f24e35f07ce74ba43afa35d48adf7, type: 3}
      propertyPath: m_RootOrder
      value: 3
      objectReference: {fileID: 0}
    - target: {fileID: 4243724423293762, guid: c07f24e35f07ce74ba43afa35d48adf7, type: 3}
      propertyPath: m_LocalPosition.x
      value: 208.46
      objectReference: {fileID: 0}
    - target: {fileID: 4243724423293762, guid: c07f24e35f07ce74ba43afa35d48adf7, type: 3}
      propertyPath: m_LocalPosition.y
      value: 3.3400002
      objectReference: {fileID: 0}
    - target: {fileID: 4243724423293762, guid: c07f24e35f07ce74ba43afa35d48adf7, type: 3}
      propertyPath: m_LocalPosition.z
      value: 210.62
      objectReference: {fileID: 0}
    - target: {fileID: 4243724423293762, guid: c07f24e35f07ce74ba43afa35d48adf7, type: 3}
      propertyPath: m_LocalRotation.w
      value: -0.93496615
      objectReference: {fileID: 0}
    - target: {fileID: 4243724423293762, guid: c07f24e35f07ce74ba43afa35d48adf7, type: 3}
      propertyPath: m_LocalRotation.x
      value: -0
      objectReference: {fileID: 0}
    - target: {fileID: 4243724423293762, guid: c07f24e35f07ce74ba43afa35d48adf7, type: 3}
      propertyPath: m_LocalRotation.y
      value: 0.35473704
      objectReference: {fileID: 0}
    - target: {fileID: 4243724423293762, guid: c07f24e35f07ce74ba43afa35d48adf7, type: 3}
      propertyPath: m_LocalRotation.z
      value: -0
      objectReference: {fileID: 0}
    - target: {fileID: 4243724423293762, guid: c07f24e35f07ce74ba43afa35d48adf7, type: 3}
      propertyPath: m_LocalEulerAnglesHint.y
      value: 318.445
      objectReference: {fileID: 0}
    m_RemovedComponents: []
  m_SourcePrefab: {fileID: 100100000, guid: c07f24e35f07ce74ba43afa35d48adf7, type: 3}
--- !u!4 &1184356623 stripped
Transform:
  m_CorrespondingSourceObject: {fileID: 4243724423293762, guid: c07f24e35f07ce74ba43afa35d48adf7, type: 3}
  m_PrefabInstance: {fileID: 1184356622}
  m_PrefabAsset: {fileID: 0}
--- !u!1001 &1376125969
PrefabInstance:
  m_ObjectHideFlags: 0
  serializedVersion: 2
  m_Modification:
    m_TransformParent: {fileID: 69687093}
    m_Modifications:
    - target: {fileID: 1562119382739742, guid: c07f24e35f07ce74ba43afa35d48adf7, type: 3}
      propertyPath: m_Name
      value: Rock1 (9)
      objectReference: {fileID: 0}
    - target: {fileID: 4243724423293762, guid: c07f24e35f07ce74ba43afa35d48adf7, type: 3}
      propertyPath: m_RootOrder
      value: 9
      objectReference: {fileID: 0}
    - target: {fileID: 4243724423293762, guid: c07f24e35f07ce74ba43afa35d48adf7, type: 3}
      propertyPath: m_LocalPosition.x
      value: 354
      objectReference: {fileID: 0}
    - target: {fileID: 4243724423293762, guid: c07f24e35f07ce74ba43afa35d48adf7, type: 3}
      propertyPath: m_LocalPosition.y
      value: 1.5299997
      objectReference: {fileID: 0}
    - target: {fileID: 4243724423293762, guid: c07f24e35f07ce74ba43afa35d48adf7, type: 3}
      propertyPath: m_LocalPosition.z
      value: 254.08
      objectReference: {fileID: 0}
    - target: {fileID: 4243724423293762, guid: c07f24e35f07ce74ba43afa35d48adf7, type: 3}
      propertyPath: m_LocalRotation.w
      value: -0.93496615
      objectReference: {fileID: 0}
    - target: {fileID: 4243724423293762, guid: c07f24e35f07ce74ba43afa35d48adf7, type: 3}
      propertyPath: m_LocalRotation.x
      value: -0
      objectReference: {fileID: 0}
    - target: {fileID: 4243724423293762, guid: c07f24e35f07ce74ba43afa35d48adf7, type: 3}
      propertyPath: m_LocalRotation.y
      value: 0.35473704
      objectReference: {fileID: 0}
    - target: {fileID: 4243724423293762, guid: c07f24e35f07ce74ba43afa35d48adf7, type: 3}
      propertyPath: m_LocalRotation.z
      value: -0
      objectReference: {fileID: 0}
    - target: {fileID: 4243724423293762, guid: c07f24e35f07ce74ba43afa35d48adf7, type: 3}
      propertyPath: m_LocalEulerAnglesHint.y
      value: 318.445
      objectReference: {fileID: 0}
    m_RemovedComponents: []
  m_SourcePrefab: {fileID: 100100000, guid: c07f24e35f07ce74ba43afa35d48adf7, type: 3}
--- !u!4 &1376125970 stripped
Transform:
  m_CorrespondingSourceObject: {fileID: 4243724423293762, guid: c07f24e35f07ce74ba43afa35d48adf7, type: 3}
  m_PrefabInstance: {fileID: 1376125969}
  m_PrefabAsset: {fileID: 0}
--- !u!1 &1377830880 stripped
GameObject:
  m_CorrespondingSourceObject: {fileID: 3729203381344148583, guid: 4fe00da23d20c60479ea5924c36c00c3, type: 3}
  m_PrefabInstance: {fileID: 17137270}
  m_PrefabAsset: {fileID: 0}
--- !u!114 &1377830881
MonoBehaviour:
  m_ObjectHideFlags: 0
  m_CorrespondingSourceObject: {fileID: 0}
  m_PrefabInstance: {fileID: 0}
  m_PrefabAsset: {fileID: 0}
  m_GameObject: {fileID: 1377830880}
  m_Enabled: 1
  m_EditorHideFlags: 0
  m_Script: {fileID: 11500000, guid: 255375416f9fb1f468ace4f5f16df99f, type: 3}
  m_Name: 
  m_EditorClassIdentifier: 
  speed: 5
  jumpHeight: 2
  forwardJumpFactor: 0.05
  Gravity: -9.8
  DashFactor: 2
  Drag: {x: 0, y: 0, z: 0}
  smoothTime: 0.15
--- !u!114 &1377830882
MonoBehaviour:
  m_ObjectHideFlags: 0
  m_CorrespondingSourceObject: {fileID: 0}
  m_PrefabInstance: {fileID: 0}
  m_PrefabAsset: {fileID: 0}
  m_GameObject: {fileID: 1377830880}
  m_Enabled: 1
  m_EditorHideFlags: 0
  m_Script: {fileID: 11500000, guid: db1f60d237171ed42a55f0291c5da1bf, type: 3}
  m_Name: 
  m_EditorClassIdentifier: 
--- !u!114 &1377830883
MonoBehaviour:
  m_ObjectHideFlags: 0
  m_CorrespondingSourceObject: {fileID: 0}
  m_PrefabInstance: {fileID: 0}
  m_PrefabAsset: {fileID: 0}
  m_GameObject: {fileID: 1377830880}
  m_Enabled: 1
  m_EditorHideFlags: 0
  m_Script: {fileID: 11500000, guid: bce47cc29342f4b4bb34375d0eddb26a, type: 3}
  m_Name: 
  m_EditorClassIdentifier: 
  camerasParent: {fileID: 1007942483}
  hRotationSpeed: 100
  vRotationSpeed: 80
  maxVerticalAngle: 80
  minVerticalAngle: -80
  smoothTime: 0.05
--- !u!143 &1377830885
CharacterController:
  m_ObjectHideFlags: 0
  m_CorrespondingSourceObject: {fileID: 0}
  m_PrefabInstance: {fileID: 0}
  m_PrefabAsset: {fileID: 0}
  m_GameObject: {fileID: 1377830880}
  m_Material: {fileID: 0}
  m_IsTrigger: 0
  m_Enabled: 1
  serializedVersion: 2
  m_Height: 2
  m_Radius: 0.5
  m_SlopeLimit: 45
  m_StepOffset: 0.3
  m_SkinWidth: 0.08
  m_MinMoveDistance: 0.001
  m_Center: {x: 0, y: 0, z: 0}
--- !u!1 &1548645534
GameObject:
  m_ObjectHideFlags: 0
  m_CorrespondingSourceObject: {fileID: 0}
  m_PrefabInstance: {fileID: 0}
  m_PrefabAsset: {fileID: 0}
  serializedVersion: 6
  m_Component:
  - component: {fileID: 1548645535}
  - component: {fileID: 1548645538}
  - component: {fileID: 1548645537}
  - component: {fileID: 1548645536}
  m_Layer: 0
  m_Name: Cube
  m_TagString: Untagged
  m_Icon: {fileID: 0}
  m_NavMeshLayer: 0
  m_StaticEditorFlags: 4294967295
  m_IsActive: 1
--- !u!4 &1548645535
Transform:
  m_ObjectHideFlags: 0
  m_CorrespondingSourceObject: {fileID: 0}
  m_PrefabInstance: {fileID: 0}
  m_PrefabAsset: {fileID: 0}
  m_GameObject: {fileID: 1548645534}
  m_LocalRotation: {x: -0, y: -0, z: -0, w: 1}
  m_LocalPosition: {x: 56.2, y: 21.5, z: 250}
  m_LocalScale: {x: 1, y: 100, z: 500}
  m_ConstrainProportionsScale: 0
  m_Children: []
  m_Father: {fileID: 955537761}
  m_RootOrder: 0
  m_LocalEulerAnglesHint: {x: 0, y: 0, z: 0}
--- !u!23 &1548645536
MeshRenderer:
  m_ObjectHideFlags: 0
  m_CorrespondingSourceObject: {fileID: 0}
  m_PrefabInstance: {fileID: 0}
  m_PrefabAsset: {fileID: 0}
  m_GameObject: {fileID: 1548645534}
  m_Enabled: 0
  m_CastShadows: 1
  m_ReceiveShadows: 1
  m_DynamicOccludee: 1
  m_StaticShadowCaster: 0
  m_MotionVectors: 1
  m_LightProbeUsage: 1
  m_ReflectionProbeUsage: 1
  m_RayTracingMode: 2
  m_RayTraceProcedural: 0
  m_RenderingLayerMask: 1
  m_RendererPriority: 0
  m_Materials:
  - {fileID: 10303, guid: 0000000000000000f000000000000000, type: 0}
  m_StaticBatchInfo:
    firstSubMesh: 0
    subMeshCount: 0
  m_StaticBatchRoot: {fileID: 0}
  m_ProbeAnchor: {fileID: 0}
  m_LightProbeVolumeOverride: {fileID: 0}
  m_ScaleInLightmap: 1
  m_ReceiveGI: 1
  m_PreserveUVs: 1
  m_IgnoreNormalsForChartDetection: 0
  m_ImportantGI: 0
  m_StitchLightmapSeams: 1
  m_SelectedEditorRenderState: 3
  m_MinimumChartSize: 4
  m_AutoUVMaxDistance: 0.5
  m_AutoUVMaxAngle: 89
  m_LightmapParameters: {fileID: 0}
  m_SortingLayerID: 0
  m_SortingLayer: 0
  m_SortingOrder: 0
  m_AdditionalVertexStreams: {fileID: 0}
--- !u!65 &1548645537
BoxCollider:
  m_ObjectHideFlags: 0
  m_CorrespondingSourceObject: {fileID: 0}
  m_PrefabInstance: {fileID: 0}
  m_PrefabAsset: {fileID: 0}
  m_GameObject: {fileID: 1548645534}
  m_Material: {fileID: 0}
  m_IsTrigger: 0
  m_Enabled: 1
  serializedVersion: 2
  m_Size: {x: 1, y: 1, z: 1}
  m_Center: {x: 0, y: 0, z: 0}
--- !u!33 &1548645538
MeshFilter:
  m_ObjectHideFlags: 0
  m_CorrespondingSourceObject: {fileID: 0}
  m_PrefabInstance: {fileID: 0}
  m_PrefabAsset: {fileID: 0}
  m_GameObject: {fileID: 1548645534}
  m_Mesh: {fileID: 10202, guid: 0000000000000000e000000000000000, type: 0}
--- !u!1 &1876809668
GameObject:
  m_ObjectHideFlags: 0
  m_CorrespondingSourceObject: {fileID: 0}
  m_PrefabInstance: {fileID: 0}
  m_PrefabAsset: {fileID: 0}
  serializedVersion: 6
  m_Component:
  - component: {fileID: 1876809669}
  - component: {fileID: 1876809670}
  m_Layer: 0
  m_Name: WindZone
  m_TagString: Untagged
  m_Icon: {fileID: 0}
  m_NavMeshLayer: 0
  m_StaticEditorFlags: 0
  m_IsActive: 1
--- !u!4 &1876809669
Transform:
  m_ObjectHideFlags: 0
  m_CorrespondingSourceObject: {fileID: 0}
  m_PrefabInstance: {fileID: 0}
  m_PrefabAsset: {fileID: 0}
  m_GameObject: {fileID: 1876809668}
  m_LocalRotation: {x: -0, y: -0, z: -0, w: 1}
  m_LocalPosition: {x: 0, y: 0, z: 0}
  m_LocalScale: {x: 1, y: 1, z: 1}
  m_ConstrainProportionsScale: 0
  m_Children: []
  m_Father: {fileID: 915153320}
  m_RootOrder: 1
  m_LocalEulerAnglesHint: {x: 0, y: 0, z: 0}
--- !u!182 &1876809670
WindZone:
  m_ObjectHideFlags: 0
  m_CorrespondingSourceObject: {fileID: 0}
  m_PrefabInstance: {fileID: 0}
  m_PrefabAsset: {fileID: 0}
  m_GameObject: {fileID: 1876809668}
  m_Enabled: 1
  m_Mode: 0
  m_Radius: 20
  m_WindMain: 0.5
  m_WindTurbulence: 0.1
  m_WindPulseMagnitude: 0.8
  m_WindPulseFrequency: 0.5
--- !u!1001 &1991491834
PrefabInstance:
  m_ObjectHideFlags: 0
  serializedVersion: 2
  m_Modification:
    m_TransformParent: {fileID: 69687093}
    m_Modifications:
    - target: {fileID: 1562119382739742, guid: c07f24e35f07ce74ba43afa35d48adf7, type: 3}
      propertyPath: m_Name
      value: Rock1 (8)
      objectReference: {fileID: 0}
    - target: {fileID: 4243724423293762, guid: c07f24e35f07ce74ba43afa35d48adf7, type: 3}
      propertyPath: m_RootOrder
      value: 8
      objectReference: {fileID: 0}
    - target: {fileID: 4243724423293762, guid: c07f24e35f07ce74ba43afa35d48adf7, type: 3}
      propertyPath: m_LocalScale.x
      value: 2.100002
      objectReference: {fileID: 0}
    - target: {fileID: 4243724423293762, guid: c07f24e35f07ce74ba43afa35d48adf7, type: 3}
      propertyPath: m_LocalScale.y
      value: 2.1
      objectReference: {fileID: 0}
    - target: {fileID: 4243724423293762, guid: c07f24e35f07ce74ba43afa35d48adf7, type: 3}
      propertyPath: m_LocalScale.z
      value: 2.100002
      objectReference: {fileID: 0}
    - target: {fileID: 4243724423293762, guid: c07f24e35f07ce74ba43afa35d48adf7, type: 3}
      propertyPath: m_LocalPosition.x
      value: 366.46
      objectReference: {fileID: 0}
    - target: {fileID: 4243724423293762, guid: c07f24e35f07ce74ba43afa35d48adf7, type: 3}
      propertyPath: m_LocalPosition.y
      value: 1.6500001
      objectReference: {fileID: 0}
    - target: {fileID: 4243724423293762, guid: c07f24e35f07ce74ba43afa35d48adf7, type: 3}
      propertyPath: m_LocalPosition.z
      value: 264.36
      objectReference: {fileID: 0}
    - target: {fileID: 4243724423293762, guid: c07f24e35f07ce74ba43afa35d48adf7, type: 3}
      propertyPath: m_LocalRotation.w
      value: 0.15696682
      objectReference: {fileID: 0}
    - target: {fileID: 4243724423293762, guid: c07f24e35f07ce74ba43afa35d48adf7, type: 3}
      propertyPath: m_LocalRotation.x
      value: -0
      objectReference: {fileID: 0}
    - target: {fileID: 4243724423293762, guid: c07f24e35f07ce74ba43afa35d48adf7, type: 3}
      propertyPath: m_LocalRotation.y
      value: 0.9876039
      objectReference: {fileID: 0}
    - target: {fileID: 4243724423293762, guid: c07f24e35f07ce74ba43afa35d48adf7, type: 3}
      propertyPath: m_LocalRotation.z
      value: -0
      objectReference: {fileID: 0}
    - target: {fileID: 4243724423293762, guid: c07f24e35f07ce74ba43afa35d48adf7, type: 3}
      propertyPath: m_LocalEulerAnglesHint.y
      value: 161.938
      objectReference: {fileID: 0}
    m_RemovedComponents: []
  m_SourcePrefab: {fileID: 100100000, guid: c07f24e35f07ce74ba43afa35d48adf7, type: 3}
--- !u!4 &1991491835 stripped
Transform:
  m_CorrespondingSourceObject: {fileID: 4243724423293762, guid: c07f24e35f07ce74ba43afa35d48adf7, type: 3}
  m_PrefabInstance: {fileID: 1991491834}
  m_PrefabAsset: {fileID: 0}
--- !u!1001 &2130252082
PrefabInstance:
  m_ObjectHideFlags: 0
  serializedVersion: 2
  m_Modification:
    m_TransformParent: {fileID: 69687093}
    m_Modifications:
    - target: {fileID: 1562119382739742, guid: c07f24e35f07ce74ba43afa35d48adf7, type: 3}
      propertyPath: m_Name
      value: Rock1 (5)
      objectReference: {fileID: 0}
    - target: {fileID: 4243724423293762, guid: c07f24e35f07ce74ba43afa35d48adf7, type: 3}
      propertyPath: m_RootOrder
      value: 5
      objectReference: {fileID: 0}
    - target: {fileID: 4243724423293762, guid: c07f24e35f07ce74ba43afa35d48adf7, type: 3}
      propertyPath: m_LocalScale.x
      value: 2.100002
      objectReference: {fileID: 0}
    - target: {fileID: 4243724423293762, guid: c07f24e35f07ce74ba43afa35d48adf7, type: 3}
      propertyPath: m_LocalScale.y
      value: 2.1
      objectReference: {fileID: 0}
    - target: {fileID: 4243724423293762, guid: c07f24e35f07ce74ba43afa35d48adf7, type: 3}
      propertyPath: m_LocalScale.z
      value: 2.100002
      objectReference: {fileID: 0}
    - target: {fileID: 4243724423293762, guid: c07f24e35f07ce74ba43afa35d48adf7, type: 3}
      propertyPath: m_LocalPosition.x
      value: 320.38
      objectReference: {fileID: 0}
    - target: {fileID: 4243724423293762, guid: c07f24e35f07ce74ba43afa35d48adf7, type: 3}
      propertyPath: m_LocalPosition.y
      value: 0.8499999
      objectReference: {fileID: 0}
    - target: {fileID: 4243724423293762, guid: c07f24e35f07ce74ba43afa35d48adf7, type: 3}
      propertyPath: m_LocalPosition.z
      value: 225.3
      objectReference: {fileID: 0}
    - target: {fileID: 4243724423293762, guid: c07f24e35f07ce74ba43afa35d48adf7, type: 3}
      propertyPath: m_LocalRotation.w
      value: 0.15696682
      objectReference: {fileID: 0}
    - target: {fileID: 4243724423293762, guid: c07f24e35f07ce74ba43afa35d48adf7, type: 3}
      propertyPath: m_LocalRotation.x
      value: -0
      objectReference: {fileID: 0}
    - target: {fileID: 4243724423293762, guid: c07f24e35f07ce74ba43afa35d48adf7, type: 3}
      propertyPath: m_LocalRotation.y
      value: 0.9876039
      objectReference: {fileID: 0}
    - target: {fileID: 4243724423293762, guid: c07f24e35f07ce74ba43afa35d48adf7, type: 3}
      propertyPath: m_LocalRotation.z
      value: -0
      objectReference: {fileID: 0}
    - target: {fileID: 4243724423293762, guid: c07f24e35f07ce74ba43afa35d48adf7, type: 3}
      propertyPath: m_LocalEulerAnglesHint.y
      value: 161.938
      objectReference: {fileID: 0}
    m_RemovedComponents: []
  m_SourcePrefab: {fileID: 100100000, guid: c07f24e35f07ce74ba43afa35d48adf7, type: 3}
--- !u!4 &2130252083 stripped
Transform:
  m_CorrespondingSourceObject: {fileID: 4243724423293762, guid: c07f24e35f07ce74ba43afa35d48adf7, type: 3}
  m_PrefabInstance: {fileID: 2130252082}
  m_PrefabAsset: {fileID: 0}
